<record><leader>00000cas a22000007a 4500</leader><controlfield tag="001">12381325</controlfield><controlfield tag="008">850813d19221927iaudr ne      0    0eng d</controlfield><datafield ind1=" " ind2=" " tag="010"><subfield code="a">sn 85049714 </subfield></datafield><datafield ind1=" " ind2=" " tag="040"><subfield code="a">INP</subfield><subfield code="b">eng</subfield><subfield code="c">INP</subfield><subfield code="d">OCLCQ</subfield></datafield><datafield ind1=" " ind2=" " tag="042"><subfield code="a">msc</subfield></datafield><datafield ind1="0" ind2=" " tag="130"><subfield code="a">Cedar Rapids Republican (Cedar Rapids, Iowa : 1922)</subfield></datafield><datafield ind1="1" ind2="0" tag="245"><subfield code="a">Cedar Rapids Republican.</subfield></datafield><datafield ind1=" " ind2=" " tag="260"><subfield code="a">Cedar Rapids, Iowa :</subfield><subfield code="b">J.S. Farquhar,</subfield><subfield code="c">1922-1927.</subfield></datafield><datafield ind1=" " ind2=" " tag="300"><subfield code="a">6 v. :</subfield><subfield code="b">ill. ;</subfield><subfield code="c">60 cm.</subfield></datafield><datafield ind1=" " ind2=" " tag="310"><subfield code="a">Daily</subfield></datafield><datafield ind1="0" ind2=" " tag="362"><subfield code="a">Vol. 53, no. 207 (Oct. 26, 1922)-v. 58, no. 35 (Apr. 17, 1927).</subfield></datafield><datafield ind1=" " ind2=" " tag="500"><subfield code="a">Originally edited by: R.G. Grassfield.</subfield></datafield><datafield ind1=" " ind2=" " tag="752"><subfield code="a">United States</subfield><subfield code="b">Iowa</subfield><subfield code="c">Linn</subfield><subfield code="d">Cedar Rapids.</subfield></datafield><datafield ind1="0" ind2="0" tag="780"><subfield code="t">Republican and times</subfield><subfield code="w">(DLC)sn 85049713</subfield></datafield><datafield ind1="0" ind2="7" tag="785"><subfield code="t">Evening gazette (Cedar Rapids, Iowa : 1912)</subfield><subfield code="w">(DLC)sn 85049718</subfield></datafield><datafield ind1="0" ind2="7" tag="785"><subfield code="t">Evening gazette and Republican</subfield><subfield code="w">(DLC)sn 85049719</subfield></datafield><datafield ind1="1" ind2=" " tag="029"><subfield code="a">AU@</subfield><subfield code="b">000025784203</subfield></datafield></record>